@article{ahuja2000,
  title={A greedy genetic algorithm for the quadratic assignment problem},
  author={Ahuja, R. K. and Orlin, J. B. and Tiwari, A.},
  journal={Computers \& Operations Research},
  volume={27},
  number={10},
  pages={917--934},
  year={2000}
}

@article{anstreicher2003,
  title={Recent advances in the solution of quadratic assignment problems},
  author={Anstreicher, K. M.},
  journal={Mathematical Programming},
  volume={97},
  number={1-2},
  pages={27--42},
  year={2003}
}

@article{arora1998,
  title={A new rounding procedure for the assignment problem with applications to dense graph arrangement problems},
  author={Arora, S. and Frieze, A. and Kaplan, H.},
  journal={Mathematical Programming},
  volume={92},
  number={1},
  pages={1--36},
  year={1998}
}

@article{battiti1994,
  title={The reactive tabu search},
  author={Battiti, R. and Tecchiolli, G.},
  journal={ORSA Journal on Computing},
  volume={6},
  number={2},
  pages={126--140},
  year={1994}
}

@article{burkard1984,
  title={Quadratic assignment problems},
  author={Burkard, R. E.},
  journal={European Journal of Operational Research},
  volume={15},
  number={3},
  pages={283--289},
  year={1984}
}

@article{burkard1997,
  title={A thermodynamically motivated simulation procedure for combinatorial optimization problems},
  author={Burkard, R. E. and Rendl, F.},
  journal={European Journal of Operational Research},
  volume={17},
  number={2},
  pages={169--174},
  year={1997}
}

@article{burkard1997qaplib,
  title={QAPLIB--a quadratic assignment problem library},
  author={Burkard, R. E. and Karisch, S. E. and Rendl, F.},
  journal={Journal of Global Optimization},
  volume={10},
  number={4},
  pages={391--403},
  year={1997}
}

@incollection{burkard1998,
  title={The quadratic assignment problem},
  author={Burkard, R. E. and Cela, E. and Pardalos, P. M. and Pitsoulis, L. S.},
  booktitle={Handbook of Combinatorial Optimization},
  pages={1713--1809},
  year={1998},
  publisher={Springer}
}

@book{cela1998,
  title={The quadratic assignment problem: theory and algorithms},
  author={Cela, E.},
  year={1998},
  publisher={Springer Science \& Business Media}
}

@article{connolly1990,
  title={An improved annealing scheme for the QAP},
  author={Connolly, D. T.},
  journal={European Journal of Operational Research},
  volume={46},
  number={1},
  pages={93--100},
  year={1990}
}

@article{drezner2003,
  title={A new genetic algorithm for the quadratic assignment problem},
  author={Drezner, Z.},
  journal={INFORMS Journal on Computing},
  volume={15},
  number={3},
  pages={320--330},
  year={2003}
}

@article{drezner2005,
  title={The extended concentric tabu for the quadratic assignment problem},
  author={Drezner, Z.},
  journal={European Journal of Operational Research},
  volume={160},
  number={2},
  pages={416--422},
  year={2005}
}

@article{elshafei1977,
  title={Hospital layout as a quadratic assignment problem},
  author={Elshafei, A. N.},
  journal={Operational Research Quarterly},
  volume={28},
  number={1},
  pages={167--179},
  year={1977}
}

@incollection{fleurent1994,
  title={Genetic hybrids for the quadratic assignment problem},
  author={Fleurent, C. and Ferland, J. A.},
  booktitle={DIMACS Series in Discrete Mathematics and Theoretical Computer Science},
  volume={16},
  pages={173--187},
  year={1994}
}

@article{gambardella1999,
  title={Ant colonies for the quadratic assignment problem},
  author={Gambardella, L. M. and Taillard, E. D. and Dorigo, M.},
  journal={Journal of the Operational Research Society},
  volume={50},
  number={2},
  pages={167--176},
  year={1999}
}

@incollection{gendreau2003,
  title={An introduction to tabu search},
  author={Gendreau, M.},
  booktitle={Handbook of Metaheuristics},
  pages={37--54},
  year={2003},
  publisher={Springer}
}

@article{glover1989,
  title={Tabu search---part I},
  author={Glover, F.},
  journal={ORSA Journal on Computing},
  volume={1},
  number={3},
  pages={190--206},
  year={1989}
}

@article{glover1990,
  title={Tabu search---part II},
  author={Glover, F.},
  journal={ORSA Journal on Computing},
  volume={2},
  number={1},
  pages={4--32},
  year={1990}
}

@book{glover1997,
  title={Tabu Search},
  author={Glover, F. and Laguna, M.},
  year={1997},
  publisher={Kluwer Academic Publishers}
}

@article{glover2000,
  title={Fundamentals of scatter search and path relinking},
  author={Glover, F. and Laguna, M. and Mart{\'i}, R.},
  journal={Control and Cybernetics},
  volume={29},
  number={3},
  pages={653--684},
  year={2000}
}

@incollection{hansen2004,
  title={Variable neighborhood search},
  author={Hansen, P. and Mladenovi{\'c}, N.},
  booktitle={State-of-the-art handbook of metaheuristics},
  pages={145--184},
  year={2004},
  publisher={Springer}
}

@book{hoos2005,
  title={Stochastic Local Search: Foundations and Applications},
  author={Hoos, H. H. and St{\"u}tzle, T.},
  year={2005},
  publisher={Morgan Kaufmann}
}

@article{james2009,
  title={Multistart tabu search and scatter search for the quadratic assignment problem},
  author={James, T. and Rego, C. and Glover, F.},
  journal={INFORMS Journal on Computing},
  volume={21},
  number={1},
  pages={89--103},
  year={2009}
}

@article{kelly1995,
  title={A study of diversification strategies for the quadratic assignment problem},
  author={Kelly, J. P. and Laguna, M. and Glover, F.},
  journal={Journal of Heuristics},
  volume={1},
  number={2},
  pages={129--149},
  year={1995}
}

@article{koopmans1957,
  title={Assignment problems and the location of economic activities},
  author={Koopmans, T. C. and Beckmann, M.},
  journal={Econometrica},
  volume={25},
  number={1},
  pages={53--76},
  year={1957}
}

@article{krarup1978,
  title={A survey of quadratic assignment problems},
  author={Krarup, J. and Pruzan, P. M.},
  journal={European Journal of Operational Research},
  volume={2},
  number={5},
  pages={315--331},
  year={1978}
}

@incollection{li2000,
  title={A greedy randomized adaptive search procedure for the quadratic assignment problem},
  author={Li, Y. and Pardalos, P. M. and Resende, M. G.},
  booktitle={Randomized, adaptive, and greedy algorithms},
  pages={237--261},
  year={2000},
  publisher={Springer}
}

@article{loiola2007,
  title={A survey for the quadratic assignment problem},
  author={Loiola, E. M. and de Abreu, N. M. and Boaventura-Netto, P. O. and Hahn, P. and Querido, T.},
  journal={European Journal of Operational Research},
  volume={176},
  number={2},
  pages={657--690},
  year={2007}
}

@inproceedings{maciel2003,
  title={A parallel genetic algorithm for the quadratic assignment problem},
  author={Maciel, A. I. and Sool, S.},
  booktitle={International Conference on Computational Science},
  pages={86--95},
  year={2003},
  organization={Springer}
}

@inproceedings{merz2000,
  title={A genetic local search approach to the quadratic assignment problem},
  author={Merz, P. and Freisleben, B.},
  booktitle={Proceedings of the 2000 Congress on Evolutionary Computation},
  volume={1},
  pages={623--630},
  year={2000},
  organization={IEEE}
}

@article{misevicius2012,
  title={An implementation of the iterated tabu search algorithm for the quadratic assignment problem},
  author={Misevi{\v{c}}ius, A.},
  journal={OR Spectrum},
  volume={34},
  number={3},
  pages={665--690},
  year={2012}
}

@article{mladenovic2007,
  title={Variable neighborhood search},
  author={Mladenovi{\'c}, N. and Hansen, P.},
  journal={Computers \& Operations Research},
  volume={24},
  number={11},
  pages={1097--1100},
  year={2007}
}

@incollection{oliveira2004,
  title={GRASP with path-relinking for the quadratic assignment problem},
  author={Oliveira, C. A. and Pardalos, P. M. and Resende, M. G.},
  booktitle={Experimental and Efficient Algorithms},
  pages={356--368},
  year={2004},
  publisher={Springer}
}

@article{phillips2000,
  title={A quadratic assignment formulation of the molecular conformation problem},
  author={Phillips, A. T. and Rosen, J. B.},
  journal={Journal of Global Optimization},
  volume={17},
  number={1-4},
  pages={315--325},
  year={2000}
}

@misc{qaplibweb,
  title={{QAPLIB-Introduction}},
  author={Burkard, R. E. and Karisch, S. E. and Rendl, F.},
  howpublished={\url{https://coral.ise.lehigh.edu/data-sets/qaplib/introduction/}},
  note={Accessed: 2025-06-14}
}

@article{sahni1976,
  title={P-complete approximation problems},
  author={Sahni, S. and Gonzalez, T.},
  journal={Journal of the ACM},
  volume={23},
  number={3},
  pages={555--565},
  year={1976}
}

@article{steinberg1961,
  title={The backboard wiring problem: a placement algorithm},
  author={Steinberg, L.},
  journal={SIAM Review},
  volume={3},
  number={1},
  pages={37--50},
  year={1961}
}

@article{stutzle2000,
  title={MAX-MIN ant system},
  author={St{\"u}tzle, T. and Hoos, H. H.},
  journal={Future Generation Computer Systems},
  volume={16},
  number={8},
  pages={889--914},
  year={2000}
}

@article{taillard1991,
  title={Robust taboo search for the quadratic assignment problem},
  author={Taillard, {\'E}. D.},
  journal={Parallel computing},
  volume={17},
  number={4-5},
  pages={443--455},
  year={1991}
}

@article{taillard1995,
  title={Comparison of iterative searches for the quadratic assignment problem},
  author={Taillard, {\'E}. D.},
  journal={Location Science},
  volume={3},
  number={2},
  pages={87--105},
  year={1995}
}

@article{tate1995,
  title={A genetic approach to the quadratic assignment problem},
  author={Tate, D. M. and Smith, A. E.},
  journal={Computers \& Operations Research},
  volume={22},
  number={1},
  pages={73--83},
  year={1995}
}

@article{wilhelm1987,
  title={Solving quadratic assignment problems by 'simulated annealing'},
  author={Wilhelm, M. R. and Ward, T. L.},
  journal={IIE transactions},
  volume={19},
  number={1},
  pages={107--119},
  year={1987}
}
